@online{AComparisonofAngularBackboneCanJSandEmber,
  author = {Sebastian Porto},
  title = {A Comparison of Angular, Backbone, CanJS and Ember},
  url = {http://sporto.github.io/blog/2013/04/12/comparison-angular-backbone-can-ember/}
}

@online{angulardocsngRoute,
  title = {ngRoute},
  url = {https://docs.angularjs.org/api/ngRoute}
}

@online{dangle,
  title = {dangle.js},
  url = {https://fullscale.co.dangle/}
}

@book{angularjsbook,
    author = "Brad Green, Shyam Seshadri",
    title = "AngularJS",
    year = "2013",
    publisher = "O'Reilly Media",
}

% Back-end

@online{flask,
	title = {Flask},
	url = {http://flask.pocoo.org}
}

@online{werkzeug,
	title = {Werkzeug},
	url = {http://werkzeug.pocoo.org}
}

@online{jinja2,
	title={Jinja2},
	url={http://jinja.pocoo.org/docs/dev/}
}

@online{flask-restful,
	title = {Flask-RESTful},
	url = {http://flask-restful.readthedocs.org/en/latest/}
}

@online{flask-mongokit,
	title = {Flask-MongoKit},
	url = {https://pythonhosted.org/Flask-MongoKit/}
}

@online{mongo-db,
	title = {MongoDb},
	url = {http://www.mongodb.org}
}

@online{ha-proxy,
	title = {HAProxy},
	url = {http://www.haproxy.org}
}